<?xml version="1.0" encoding="UTF-8"?><collection xmlns="http://www.loc.gov/MARC21/slim"><record><leader>00851nam--2200241-u-4500</leader><controlfield tag="001">000050357</controlfield><controlfield tag="002">20161230</controlfield><controlfield tag="003">81693</controlfield><controlfield tag="005">20161230201048</controlfield><controlfield tag="008">070124s1000------------r-----000-0-eng-d</controlfield><datafield ind1=" " ind2=" " tag="020"><subfield code="a">0821829009</subfield></datafield><datafield ind1=" " ind2=" " tag="040"><subfield code="a">IFIN-HH</subfield></datafield><datafield ind1=" " ind2=" " tag="041"><subfield code="a">eng</subfield></datafield><datafield ind1=" " ind2=" " tag="080"><subfield code="a">51-7(530.14:530.145:539)(063)</subfield></datafield><datafield ind1="1" ind2=" " tag="100"><subfield code="a">Weder,Ricardo</subfield></datafield><datafield ind1="1" ind2="0" tag="245"><subfield code="a">Mathematical Results in Quantum Mechanics</subfield><subfield code="b">A Conference on QMATH-8, Mathematical Results in Quantum Mechanics Universidad Nacional Autonoma de Mexico, Taxco, Mexico December 10-14, 2001</subfield><subfield code="c">Ricardo Weder; Pavel Exner; Benoit Grebert (EDS.)</subfield></datafield><datafield ind1=" " ind2=" " tag="260"><subfield code="a">Providence, Rhode Island</subfield><subfield code="b">American Mathematical Society</subfield><subfield code="c">2002</subfield></datafield><datafield ind1=" " ind2=" " tag="300"><subfield code="a">350 p</subfield></datafield><datafield ind1=" " ind2=" " tag="490"><subfield code="a">Contemporary Mathematics</subfield><subfield code="v">Vol.307</subfield></datafield><datafield ind1=" " ind2="4" tag="650"><subfield code="a">Mathematical results</subfield></datafield><datafield ind1="1" ind2=" " tag="700"><subfield code="a">Grebert, Benoit</subfield><subfield code="e">ed</subfield></datafield><datafield ind1=" " ind2=" " tag="852"><subfield code="c">530.14</subfield></datafield><datafield ind1=" " ind2=" " tag="CAT"><subfield code="a">Sys</subfield><subfield code="c">20110324</subfield><subfield code="h">150548</subfield></datafield></record></collection>